
@inreference{the_editors_of_encyclopaedia_britannica_moral_2018,
	title = {Moral Majority},
	url = {https://www.britannica.com/topic/Moral-Majority},
	series = {Organizations},
	booktitle = {Encyclopaedia Britannica},
	author = {{The Editors of Encyclopaedia Britannica}},
	date = {2018-02-12}
}

@inreference{noauthor_what_nodate,
	title = {What is 'Reaganomics'},
	url = {https://www.investopedia.com/terms/r/reaganomics.asp},
	series = {Economic Theory},
	booktitle = {Investopedia},
	publisher = {Investopedia}
}

@inreference{dagger_neoconservatism_nodate,
	title = {Neoconservatism},
	url = {https://www.britannica.com/topic/neoconservatism},
	series = {Political Philosophy},
	booktitle = {Encyclopedia Britannica},
	author = {Dagger, Richard}
}

@video{reagan_mr._2018,
	location = {Berlin, Germany},
	title = {Mr. Gorbachev, tear down this wall!},
	url = {https://www.youtube.com/watch?v=7NjNL4Nsa4Q},
	author = {Reagan, Ronald},
	date = {2018-06-12}
}

@article{dobbs_berlin_2014,
	location = {London, {UK}},
	title = {Berlin Wall: How the Wall came down, as it happened 25 years ago},
	url = {https://www.telegraph.co.uk/history/11219434/Berlin-Wall-How-the-Wall-came-down-as-it-happened-25-years-ago-live.html},
	journaltitle = {The Telegraph},
	author = {Dobbs, Laurence},
	date = {2014-11-09}
}

@article{brown_us_1983,
	location = {London, {UK}},
	title = {{US} troops invade Grenada},
	url = {https://www.theguardian.com/world/2016/oct/26/us-troops-invade-grenada-archive},
	journaltitle = {The Guardian},
	author = {Brown, Colin},
	date = {1983-10-26}
}

@online{gitomirski_glasnost_2010,
	title = {Glasnost and Perestroika},
	titleaddon = {Cold War Museum},
	author = {Gitomirski, Sasha},
	date = {2010}
}

@online{noauthor_reagans_1998,
	title = {Reagan's Star Wars},
	url = {http://www.atomicarchive.com/History/coldwar/page20.shtml},
	titleaddon = {Atomic Archive},
	type = {Government},
	date = {1998}
}

@video{reagan_evil_1983,
	title = {Evil Empire},
	url = {https://www.youtube.com/watch?v=do0x-Egc6oA},
	author = {Reagan, Ronald},
	date = {1983-03-08}
}

@online{cnn_library_iran_2017,
	title = {Iran Hostage Crisis Fast Facts},
	url = {https://www.cnn.com/2013/09/15/world/meast/iran-hostage-crisis-fast-facts/index.html},
	titleaddon = {{CNN}},
	type = {News},
	author = {{CNN Library}},
	date = {2017-10-20}
}

@online{noauthor_understanding_2010,
	title = {Understanding the Iran-Contra Affairs},
	url = {https://www.brown.edu/Research/Understanding_the_Iran_Contra_Affair/about.php},
	titleaddon = {Brown University},
	date = {2010}
}

@online{noauthor_presidential_nodate,
	title = {Presidential Approval Ratings},
	url = {http://news.gallup.com/poll/116677/presidential-approval-ratings-gallup-historical-statistics-trends.aspx},
	titleaddon = {Gallup Polls}
}

@online{lord_antonin_nodate,
	title = {Antonin Scalia: 5 of his most famous decisions},
	url = {https://www.ajc.com/news/national/antonin-scalia-his-most-famous-decisions/w8SroJGpewLhOrieCTR7RN/},
	shorttitle = {Antonin Scalia},
	abstract = {Following the death of Supreme Court Justice Antonin Scalia Saturday, friends and foes alike are remembering some of his most important decisions.},
	titleaddon = {ajc},
	author = {Lord, Debbie},
	urldate = {2018-03-22},
	file = {Snapshot:/home/baylinz/Zotero/storage/QUSI3WMV/w8SroJGpewLhOrieCTR7RN.html:text/html}
}

@online{the_editors_of_encyclopaedia_britannica_war_nodate,
	title = {War on Drugs {\textbar} United States history {\textbar} Britannica.com},
	url = {https://www.britannica.com/topic/war-on-drugs},
	type = {Encyclopedia},
	author = {{The Editors of Encyclopaedia Britannica}},
	urldate = {2018-03-22},
	file = {War on Drugs | United States history | Britannica.com:/home/baylinz/Zotero/storage/BNG4N9LU/war-on-drugs.html:text/html}
}

@online{noauthor_election_nodate,
	title = {Election of 1988: Bush succeeds Reagan},
	url = {http://www.u-s-history.com/pages/h913.html},
	shorttitle = {Election of 1988},
	abstract = {The role of Election of 1988: Bush succeeds Reagan in the history of the United States of America.},
	urldate = {2018-03-22},
	langid = {english},
	file = {Snapshot:/home/baylinz/Zotero/storage/6RLTKQQW/h913.html:text/html}
}

@online{noauthor_antonin_nodate,
	title = {Antonin Scalia},
	url = {https://www.oyez.org/justices/antonin_scalia},
	titleaddon = {Oyez},
	urldate = {2018-03-22},
	file = {Snapshot:/home/baylinz/Zotero/storage/5GQB6Q36/antonin_scalia.html:text/html}
}

@online{noauthor_regents_nodate,
	title = {Regents of the University of California v. Bakke},
	url = {https://www.oyez.org/cases/1979/76-811},
	abstract = {A case in which the Court found that any racial quota for the purpose of admissions supported by a government entity violates the Equal Protection Clause of the Fourteenth Amendment.},
	titleaddon = {Oyez},
	urldate = {2018-03-22},
	file = {Snapshot:/home/baylinz/Zotero/storage/FLPV6KQT/76-811.html:text/html}
}

@online{noauthor_affirmative_2015,
	title = {Affirmative Action},
	url = {https://www.dol.gov/general/topic/hiring/affirmativeact},
	abstract = {Subtopics Hiring Youth Affirmative Action Foreign Labor I-9 Central Veterans Workers Under 18 {DOL} Web Pages on This Topic},
	titleaddon = {United States Department of Labor},
	urldate = {2018-03-22},
	date = {2015-12-09},
	langid = {english},
	file = {Snapshot:/home/baylinz/Zotero/storage/Y2PPN7U8/affirmativeact.html:text/html}
}

@online{noauthor_sandra_nodate,
	title = {Sandra Day O'Connor Biography - Biography},
	url = {https://www.biography.com/people/sandra-day-oconnor-9426834},
	urldate = {2018-03-22},
	file = {Sandra Day O'Connor Biography - Biography:/home/baylinz/Zotero/storage/9U5YBB3T/sandra-day-oconnor-9426834.html:text/html}
}

@online{noauthor_tiananmen_nodate,
	title = {Tiananmen Square massacre takes place - Jun 04, 1989},
	url = {http://www.history.com/this-day-in-history/tiananmen-square-massacre-takes-place},
	abstract = {Chinese troops storm through Tiananmen Square in the center of Beijing, killing and arresting thousands of pro-democracy protesters. The brutal Chinese government assault on the protesters shocked the West and brought denunciations and sanctions…},
	titleaddon = {{HISTORY}.com},
	urldate = {2018-03-22},
	file = {Snapshot:/home/baylinz/Zotero/storage/GECRVAG2/tiananmen-square-massacre-takes-place.html:text/html}
}

@online{noauthor_how_nodate,
	title = {How a Photo of a Man in Front of Military Tanks Became a Symbol of Defiance Against the Chinese Government},
	url = {http://100photos.time.com/photos/jeff-widener-tank-man},
	abstract = {Decades after Tank Man became a global hero, he remains unidentified},
	titleaddon = {100 Photographs {\textbar} The Most Influential Images of All Time},
	urldate = {2018-03-22},
	file = {Snapshot:/home/baylinz/Zotero/storage/4WLNLKQE/jeff-widener-tank-man.html:text/html}
}

@online{noauthor_how_nodate-1,
	title = {How a Photo of a Man in Front of Military Tanks Became a Symbol of Defiance Against the Chinese Government},
	url = {http://100photos.time.com/photos/jeff-widener-tank-man},
	abstract = {Decades after Tank Man became a global hero, he remains unidentified},
	titleaddon = {100 Photographs {\textbar} The Most Influential Images of All Time},
	urldate = {2018-03-22},
	file = {Snapshot:/home/baylinz/Zotero/storage/M9J5NDAD/jeff-widener-tank-man.html:text/html}
}

@online{noauthor_strategic_nodate,
	title = {Strategic Arms Reduction Talks {\textbar} international arms control negotiations},
	url = {https://www.britannica.com/event/Strategic-Arms-Reduction-Talks},
	abstract = {Strategic Arms Reduction Talks: Strategic Arms Reduction Talks ({START}), arms control negotiations between the United States and the Soviet Union (and, later, Russia) that were aimed at reducing those two countries’ arsenals of nuclear warheads and of the missiles and bombers capable of delivering such weapons. The talks, which},
	titleaddon = {Encyclopedia Britannica},
	urldate = {2018-03-22},
	langid = {english},
	file = {Snapshot:/home/baylinz/Zotero/storage/I2N35BNM/Strategic-Arms-Reduction-Talks.html:text/html}
}

@online{noauthor_milestones:_nodate,
	title = {Milestones: 1989–1992 - Office of the Historian},
	url = {https://history.state.gov/milestones/1989-1992/collapse-soviet-union},
	urldate = {2018-03-22},
	file = {Milestones\: 1989–1992 - Office of the Historian:/home/baylinz/Zotero/storage/KIYPBXXI/collapse-soviet-union.html:text/html}
}

@online{usa_treaty_nodate,
	title = {Treaty between the United States of America and the Union of Soviet Socialist Republics on Strategic Offensive Reductions ({START} I)},
	url = {http://www.nti.org/learn/treaties-and-regimes/treaties-between-united-states-america-and-union-soviet-socialist-republics-strategic-offensive-reductions-start-i-start-ii/},
	titleaddon = {{NTI}},
	author = {{USA} and {Russian Federation} and {Belarus} and {Kazakhstan} and {Ukraine}},
	urldate = {2018-03-25},
	file = {Treaty between the United States of America and the Union of Soviet Socialist Republics on Strategic Offensive Reductions (START I) | Treaties & Regimes | NTI:/home/baylinz/Zotero/storage/3P95D95H/treaties-between-united-states-america-and-union-soviet-socialist-republics-strategic-offensive.html:text/html}
}

@online{office_of_the_historian_milestones:_nodate,
	title = {Milestones: 1989–1992},
	url = {https://history.state.gov/milestones/1989-1992/collapse-soviet-union},
	titleaddon = {State.{GOV}},
	author = {{Office of the Historian}},
	urldate = {2018-03-25},
	file = {Milestones\: 1989–1992 - Office of the Historian:/home/baylinz/Zotero/storage/8XBIUC3E/collapse-soviet-union.html:text/html}
}

@online{office_of_the_historian_president_nodate,
	title = {President Bush and Secretary Baker},
	url = {https://history.state.gov/departmenthistory/short-history/baker},
	titleaddon = {Department of History},
	author = {{Office of the Historian}},
	urldate = {2018-03-25},
	file = {President Bush and Secretary Baker - Short History - Department History - Office of the Historian:/home/baylinz/Zotero/storage/3KYKRI83/baker.html:text/html}
}

@online{noauthor_u.s._nodate,
	title = {The U.S. invades Panama - Dec 20, 1989},
	url = {http://www.history.com/this-day-in-history/the-u-s-invades-panama},
	abstract = {The United States invades Panama in an attempt to overthrow military dictator Manuel Noriega, who had been indicted in the United States on drug trafficking charges and was accused of suppressing democracy in Panama and endangering U.},
	titleaddon = {{HISTORY}.com},
	urldate = {2018-03-25},
	file = {Snapshot:/home/baylinz/Zotero/storage/J76G7NK6/the-u-s-invades-panama.html:text/html}
}

@online{office_of_the_historian_first_nodate,
	title = {The First Gulf War - Short History},
	url = {https://history.state.gov/departmenthistory/short-history/firstgulf},
	titleaddon = {Department of History},
	author = {{Office of the Historian}},
	urldate = {2018-03-25},
	file = {The First Gulf War - Short History - Department History - Office of the Historian:/home/baylinz/Zotero/storage/KYBQVGHC/firstgulf.html:text/html}
}

@online{us_epa_summary_2013,
	title = {Summary of the Clean Air Act},
	url = {https://www.epa.gov/laws-regulations/summary-clean-air-act},
	abstract = {Provides a summary of the Clean Air act, the comprehensive federal law that regulates air emissions from stationary and mobile sources.},
	titleaddon = {{US} {EPA}},
	type = {Overviews and Factsheets},
	author = {{US EPA}},
	urldate = {2018-03-25},
	date = {2013-02-22},
	langid = {english},
	file = {Snapshot:/home/baylinz/Zotero/storage/W5FBN52K/summary-clean-air-act.html:text/html}
}

@online{parrott-sheffer_americans_nodate,
	title = {Americans with Disabilities Act},
	url = {https://www.britannica.com/topic/Americans-with-Disabilities-Act},
	abstract = {Americans with Disabilities Act: Americans with Disabilities Act ({ADA}), U.S. legislation that provided civil rights protections to individuals with physical and mental disabilities and guaranteed them equal opportunity in public accommodations, employment, transportation, state and local government services, and},
	titleaddon = {Encyclopedia Britannica},
	author = {Parrott-Sheffer, Chelsey},
	urldate = {2018-03-25},
	langid = {english},
	file = {Snapshot:/home/baylinz/Zotero/storage/IPVMPRFI/Americans-with-Disabilities-Act.html:text/html}
}

@online{smentkowski_david_nodate,
	title = {David Hackett Souter},
	url = {https://www.britannica.com/biography/David-Hackett-Souter},
	abstract = {David Hackett Souter: David Hackett Souter, associate justice of the U.S. Supreme Court from 1990 to 2009. Souter’s father was a bank manager and his mother a store clerk. He spent his early childhood in a Boston suburb before his family moved to rural East Weare, New Hampshire, in 1950. He attended Harvard University,},
	titleaddon = {Encyclopedia Britannica},
	author = {Smentkowski, Brian P.},
	urldate = {2018-03-25},
	langid = {english},
	file = {Snapshot:/home/baylinz/Zotero/storage/KYYV8BBH/David-Hackett-Souter.html:text/html}
}

@online{noauthor_clarence_nodate,
	title = {Clarence Thomas},
	url = {https://www.biography.com/people/clarence-thomas-9505658},
	abstract = {Clarence Thomas is the second African-American justice to serve on the Supreme Court of the United States. He was controversially appointed in 1991 and leans conservative.},
	titleaddon = {Biography},
	urldate = {2018-03-25},
	langid = {english},
	file = {Snapshot:/home/baylinz/Zotero/storage/F4I5VCLI/clarence-thomas-9505658.html:text/html}
}

@online{jackson_brief_nodate,
	title = {Brief History},
	url = {https://rainbowpush.org/brief-history},
	titleaddon = {Rainbow Push},
	author = {Jackson, Jesse},
	urldate = {2018-03-26},
	file = {Brief History | Rainbow Push:/home/baylinz/Zotero/storage/BC75QLXM/brief-history.html:text/html}
}

@online{andrews_strange_nodate,
	title = {The Strange Saga of the 27th Amendment},
	url = {http://www.history.com/news/the-strange-case-of-the-27th-amendment},
	abstract = {It was first proposed in 1789, but it took 200 years and a campaign by a Texas university student before it was finally ratified.},
	titleaddon = {{HISTORY}.com},
	author = {Andrews, Evan},
	urldate = {2018-03-26},
	file = {Snapshot:/home/baylinz/Zotero/storage/X6CFHWVR/the-strange-case-of-the-27th-amendment.html:text/html}
}

@online{levy_united_nodate,
	title = {United States presidential election of 1992},
	url = {https://www.britannica.com/event/United-States-presidential-election-of-1992},
	abstract = {United States presidential election of 1992: United States presidential election of 1992, American presidential election held on Nov. 3, 1992, in which Democrat Bill Clinton defeated incumbent Republican Pres. George Bush. Independent candidate Ross Perot secured nearly 19 percent of the vote—the highest percentage of any third-party},
	titleaddon = {Encyclopedia Britannica},
	author = {Levy, Michael},
	urldate = {2018-03-26},
	langid = {english},
	file = {Snapshot:/home/baylinz/Zotero/storage/ZFDIQVAS/United-States-presidential-election-of-1992.html:text/html}
}

@online{history.com_staff_bosnian_2009,
	title = {Bosnian Genocide - Facts \& Summary},
	url = {http://www.history.com/topics/bosnian-genocide},
	abstract = {Find out more about the history of Bosnian Genocide, including videos, interesting articles, pictures, historical features and more. Get all the facts on {HISTORY}.com},
	titleaddon = {{HISTORY}.com},
	author = {{History.com Staff}},
	urldate = {2018-03-26},
	date = {2009},
	file = {Snapshot:/home/baylinz/Zotero/storage/YXXUPMLT/bosnian-genocide.html:text/html}
}

@online{the_editors_of_encyclopaedia_britannica_kosovo_nodate,
	title = {Kosovo conflict {\textbar} Balkan history [1998–1999]},
	url = {https://www.britannica.com/event/Kosovo-conflict},
	abstract = {Kosovo conflict: Kosovo conflict, conflict (1998–99) in which ethnic Albanians opposed ethnic Serbs and the government of Yugoslavia (the rump of the former federal state, comprising the republics of Serbia and Montenegro) in Kosovo. The conflict gained widespread international attention and was resolved with the},
	titleaddon = {Encyclopedia Britannica},
	author = {{The Editors of Encyclopaedia Britannica}},
	urldate = {2018-03-26},
	langid = {english},
	file = {Snapshot:/home/baylinz/Zotero/storage/ZTN2I53I/Kosovo-conflict.html:text/html}
}

@online{fontinelle_north_2004,
	title = {North American Free Trade Agreement - {NAFTA}},
	url = {https://www.investopedia.com/terms/n/nafta.asp},
	abstract = {The North American Free Trade Agreement ({NAFTA}) was implemented in 1994 to encourage trade between the United States, Mexico and Canada.},
	titleaddon = {Investopedia},
	author = {Fontinelle, Amy},
	urldate = {2018-03-26},
	date = {2004-02-08},
	langid = {english},
	file = {Snapshot:/home/baylinz/Zotero/storage/CA3TUIMK/nafta.html:text/html}
}

@online{noauthor_madeleine_nodate,
	title = {Madeleine Albright},
	url = {https://www.biography.com/people/madeleine-albright-9179300},
	abstract = {Madeleine Albright became the first woman to represent the U.S. in foreign affairs as the secretary of state.},
	titleaddon = {Biography},
	urldate = {2018-03-26},
	langid = {english},
	file = {Snapshot:/home/baylinz/Zotero/storage/9UPBKHHG/madeleine-albright-9179300.html:text/html}
}

@online{noauthor_americorps_nodate,
	title = {{AmeriCorps}},
	url = {https://www.nationalservice.gov/programs/americorps},
	abstract = {\&amp;nbsp;More on {AmeriCorps} {AmeriCorps} {FAQs}  Access {MyAmeriCorps}  {AmeriCorps} for Future Educators {AmeriCorps} for Vets  Shop for Gear  {AmeriStories}\&amp;nbsp;For {AmeriCorps} Grantees Browse {AmeriCorps} Grants Ac},
	titleaddon = {Corporation for National and Community Service},
	urldate = {2018-03-26},
	langid = {english},
	file = {Snapshot:/home/baylinz/Zotero/storage/WXKQUGF9/americorps.html:text/html}
}

@online{findlaw_family_nodate,
	title = {Family and Medical Leave Act},
	url = {http://employment.findlaw.com/family-medical-leave/family-and-medical-leave-act.html},
	abstract = {Welcome to {FindLaw}'s section on employees' rights to family and medical leave, including maternity leave, disability, and more. The Family and Medical Leave Act},
	titleaddon = {Findlaw},
	author = {{FindLaw}},
	urldate = {2018-03-26},
	file = {Snapshot:/home/baylinz/Zotero/storage/YFCPBSSI/family-and-medical-leave-act.html:text/html}
}

@online{noauthor_head_nodate,
	title = {Head Start policy},
	url = {http://www.child-encyclopedia.com/head-start-policy},
	abstract = {The American Head Start preschool program and related projects use an integrated approach that combines educational, social and health services for preschool children and their low-income families. The objective: to prepare these children for their entry into the school system.},
	titleaddon = {Encyclopedia on Early Childhood Development},
	urldate = {2018-03-26},
	langid = {english},
	file = {Snapshot:/home/baylinz/Zotero/storage/8KU6JXCB/head-start-policy.html:text/html}
}

@online{history.com_staff_monica_2017,
	title = {Monica Lewinsky - Facts \& Summary},
	url = {http://www.history.com/topics/monica-lewinsky},
	abstract = {Find out more about the history of Monica Lewinsky, including videos, interesting articles, pictures, historical features and more. Get all the facts on {HISTORY}.com},
	titleaddon = {{HISTORY}.com},
	author = {{History.com Staff}},
	urldate = {2018-03-26},
	date = {2017},
	file = {Snapshot:/home/baylinz/Zotero/storage/BCWH2SDZ/monica-lewinsky.html:text/html}
}

@online{noauthor_monica_nodate,
	title = {Monica Lewinsky - Facts \& Summary},
	url = {http://www.history.com/topics/monica-lewinsky},
	abstract = {Find out more about the history of Monica Lewinsky, including videos, interesting articles, pictures, historical features and more. Get all the facts on {HISTORY}.com},
	titleaddon = {{HISTORY}.com},
	urldate = {2018-03-26},
	file = {Snapshot:/home/baylinz/Zotero/storage/2ZKC4RUI/monica-lewinsky.html:text/html}
}

@online{noauthor_contract_nodate,
	title = {Contract with America},
	url = {http://www.u-s-history.com/pages/h2052.html},
	abstract = {The role of Contract with America in the history of the United States of America.},
	urldate = {2018-03-26},
	langid = {english},
	file = {Snapshot:/home/baylinz/Zotero/storage/ILACEIZ5/h2052.html:text/html}
}

@online{juliamath_primes.jl_nodate,
	title = {Primes.jl {\textbar} Prime numbers in Julia},
	url = {http://juliamath.github.io/Primes.jl/},
	abstract = {Julia functions for computing prime numbers.},
	author = {{JuliaMath}}
}

@online{numfocus_julia_nodate,
	title = {The Julia Language},
	abstract = {Julia is a high-level general-purpose dynamic programming language that was originally designed to address the needs of high-performance numerical analysis and computational science, without the typical need of separate compilation to be fast, also usable for client and server web use, low-level systems programming or as a specification language.},
	titleaddon = {The Julia Language},
	author = {{NumFocus}}
}

@article{rabin_probabilistic_1980,
	title = {Probabilistic algorithm for testing primality},
	volume = {12},
	abstract = {We present a practical probabilistic algorithm for testing large numbers of arbitrary form for primality. The algorithm has the feature that when it determines a number composite then the result is always true, but when it asserts that a number is prime there is a provably small probability of error. The algorithm was used to generate large numbers asserted to be primes of arbitrary and special forms, including very large numbers asserted to be twin primes. Theoretical foundations as well as details of implementation and experimental results are given.},
	pages = {128--138},
	number = {1},
	journaltitle = {Journal of Number Theory},
	author = {Rabin, {MO}},
	date = {1980}
}

@article{pollard_monte_1975,
	title = {A Monte Carlo Method For Factorization},
	volume = {15},
	abstract = {We describe briefly a novel factorization method involving probabilistic ideas.},
	pages = {881--884},
	journaltitle = {{BIT}},
	author = {Pollard, {JM}},
	date = {1975}
}

@misc{rumpf_nim_2019,
	title = {Nim programming language},
	url = {nim-lang.org},
	author = {Rumpf, Andreas},
	date = {2019-02-01}
}

@misc{openstreetmap_foundation_openstreetmap:_nodate,
	title = {{OpenStreetMap}: About},
	url = {www.openstreetmap.org/about},
	author = {{OpenStreetMap Foundation}}
}

@misc{the_heidelberg_institute_for_geoinformation_technology_openrouteservice_2018,
	title = {{OpenRouteService}},
	url = {openrouteservice.org},
	author = {{The Heidelberg Institute for Geoinformation Technology}},
	date = {2018}
}

@misc{weisstein_travelling_nodate,
	title = {Travelling Salesman Problem},
	url = {mathworld.wolfram.com/TravelingSalesmanProblem.html},
	publisher = {Wolfram},
	author = {Weisstein, Eric W.}
}

@misc{noauthor_prims_nodate,
	title = {Prim's Algorithm},
	url = {www.programiz.com/dsa/prim-algorithm},
	publisher = {{PROGRAMIZ}}
}

@misc{noauthor_kruskals_nodate,
	title = {Kruskal's Algorithm},
	url = {www.programiz.com/dsa/kruskal-algorithm},
	publisher = {{PROGRAMIZ}}
}

@misc{baylin_traveller_nodate,
	title = {Traveller},
	url = {github.com/zbaylin/traveller},
	author = {Baylin, Zachary and Amin, Aashay}
}